<?xml version="1.0" encoding="UTF-8"?><collection xmlns="http://www.loc.gov/MARC21/slim"><record><leader>00458nam--2200121-i-4500</leader><controlfield tag="001">000004350</controlfield><controlfield tag="002">20161230</controlfield><controlfield tag="005">20161230201025</controlfield><controlfield tag="008">060222s1000------------r-----000-0-eng-d</controlfield><datafield ind1=" " ind2=" " tag="100"><subfield code="a">Deutsch, S., Hirschberg, D., Picciotto, E</subfield></datafield><datafield ind1=" " ind2=" " tag="245"><subfield code="a">Etude quantitative des halos pleochroiques application a l estimation de l age des roches granitiques</subfield></datafield><datafield ind1=" " ind2=" " tag="260"><subfield code="a">Bruxelles, Imprim.Marcel Hayez, 1956</subfield></datafield><datafield ind1=" " ind2=" " tag="490"><subfield code="a">Extrait Du  Bull.De La Soc.Belge De Geol.De Paleont.Et D Hydrol</subfield></datafield></record></collection>